<?xml version="1.0" encoding="UTF-8"?><collection xmlns="http://www.loc.gov/MARC21/slim"><record><leader>00488nam--2200169-i-4500</leader><controlfield tag="001">000041472</controlfield><controlfield tag="002">20161230</controlfield><controlfield tag="005">20161230201043</controlfield><controlfield tag="008">060222s1000------------r-----000-0-eng-d</controlfield><datafield ind1=" " ind2=" " tag="040"><subfield code="a">IFIN-HH</subfield></datafield><datafield ind1=" " ind2=" " tag="080"><subfield code="a">539.131:530.1</subfield></datafield><datafield ind1="1" ind2=" " tag="100"><subfield code="a">Shih,C.C</subfield></datafield><datafield ind1="1" ind2="0" tag="245"><subfield code="a">Representations of data located inside its analytic domain</subfield><subfield code="c">C.c. shih</subfield></datafield><datafield ind1=" " ind2=" " tag="260"><subfield code="a">Pittsburgh, Pennsylvania</subfield><subfield code="b">Carnegie-mellon University</subfield><subfield code="c">/F.An</subfield></datafield><datafield ind1=" " ind2=" " tag="300"><subfield code="a">22 P.+ 3 FIG</subfield></datafield><datafield ind1=" " ind2=" " tag="852"><subfield code="a">36845</subfield><subfield code="c">539.131</subfield></datafield><datafield ind1=" " ind2=" " tag="CAT"><subfield code="a">Sys</subfield><subfield code="c">20120301</subfield><subfield code="h">150011</subfield></datafield></record></collection>